@book{Lee_2012, 
  title={Introduction to Smooth Manifolds}, 
  url={http://dx.doi.org/10.1007/978-1-4419-9982-5}, 
  DOI={10.1007/978-1-4419-9982-5}, 
  journal={Graduate Texts in Mathematics}, 
  publisher={Springer New York}, 
  author={Lee, John M.}, year={2012} 
}

@book{Lee_2018, 
  title={Introduction to Riemannian Manifolds}, 
  url={http://dx.doi.org/10.1007/978-3-319-91755-9}, 
  DOI={10.1007/978-3-319-91755-9}, journal={Graduate Texts in Mathematics}, 
  publisher={Springer International Publishing}, 
  author={Lee, John M.}, 
  year={2018} 
}